<?xml version="1.0" encoding="utf-8"?>
<record xmlns="http://www.loc.gov/MARC21/slim" xmlns:xsi="http://www.w3.org/2001/XMLSchema-instance" xsi:schemaLocation="http://www.loc.gov/MARC21/slim http://www.loc.gov/standards/marcxml/schema/MARC21slim.xsd">
	<leader>     nam a22        4500</leader>
	<controlfield tag="001">001680852</controlfield>
	<controlfield tag="003">NNU</controlfield>
	<controlfield tag="006">m        d        </controlfield>
	<controlfield tag="007">cr cn |||m|||a</controlfield>
	<controlfield tag="008">150505s1967    iq      o     000 0 ara d</controlfield>
	<datafield ind1=" " ind2=" " tag="040">
		<subfield code="a">NNU</subfield>
		<subfield code="b">eng</subfield>
		<subfield code="c">NNU</subfield>
	</datafield>
	<datafield ind1="0" ind2="0" tag="050">
		<subfield code="a">PJ7808.M3</subfield>
		<subfield code="b">T338 1968</subfield>
	</datafield>
	<datafield ind1="1" ind2=" " tag="100">
		<subfield code="6">880-01</subfield>
		<subfield code="a">Samāwī, Aḥmad al-Shaykh ʻAbd al-Ḥamīd.</subfield>
	</datafield>
	<datafield ind1="1" ind2="0" tag="245">
		<subfield code="6">880-02</subfield>
		<subfield code="a">Maʻa Īliyā Abī Māḍī fī Ṭalāsimih</subfield>
		<subfield code="h">[electronic resource] :</subfield>
		<subfield code="b">wa-huwa sharḥ li-manẓūmat ʻAbd al-Ḥamīd al-Samāwī allatī radd bihā ʻalá ṭalāsim Īliyā Abū Māḍī /</subfield>
		<subfield code="c">Aḥmad al-Shaykh ʻAbd al-Ḥamīd al-Samāwī.</subfield>
	</datafield>
	<datafield ind1=" " ind2=" " tag="260">
		<subfield code="6">880-03</subfield>
		<subfield code="a">Najaf :</subfield>
		<subfield code="b">Maṭbaʻat al-Nuʻmān,</subfield>
		<subfield code="c">1967.</subfield>
	</datafield>
	<datafield ind1=" " ind2=" " tag="300">
		<subfield code="a">online resource (243 p.)</subfield>
	</datafield>
	<datafield ind1=" " ind2=" " tag="500">
		<subfield code="a">ʻAbd al-Ḥamīd Samāwī's verse parody of Īliyā Abū Māḍīs̀ poem al-Ṭalāsim, with a comm. by Aḥmad Samāwī.</subfield>
	</datafield>
	<datafield ind1=" " ind2=" " tag="500">
		<subfield code="a">Part of the Arabic Collections Online (ACO) project, contributed by New York Univeristy Libraries.</subfield>
	</datafield>
	<datafield ind1=" " ind2=" " tag="533">
		<subfield code="a">Electronic reproduction.</subfield>
		<subfield code="b">New York, N.Y. :</subfield>
		<subfield code="c">New York University,</subfield>
		<subfield code="d">2015.</subfield>
		<subfield code="5">NNU</subfield>
	</datafield>
	<datafield ind1="1" ind2="0" tag="600">
		<subfield code="6">880-04</subfield>
		<subfield code="a">Abū Māḍī, Īliyā,</subfield>
		<subfield code="d">1889-1957.</subfield>
		<subfield code="t">Ṭalāsim.</subfield>
	</datafield>
	<datafield ind1="1" ind2="0" tag="600">
		<subfield code="6">880-05</subfield>
		<subfield code="a">Samāwī, ʻAbd al-Ḥamīd.</subfield>
		<subfield code="t">Fawqa athbāj al-ṭabīʻah.</subfield>
	</datafield>
	<datafield ind1="1" ind2="2" tag="700">
		<subfield code="6">880-06</subfield>
		<subfield code="a">Samāwī, ʻAbd al-Ḥamīd.</subfield>
		<subfield code="t">Fawqa athbāj al-ṭabīʻah.</subfield>
	</datafield>
	<datafield ind1="2" ind2=" " tag="710">
		<subfield code="a">New York University.</subfield>
		<subfield code="b">Libraries.</subfield>
	</datafield>
	<datafield ind1="0" ind2=" " tag="730">
		<subfield code="a">Arabic Collections Online.</subfield>
	</datafield>
	<datafield ind1="0" ind2="8" tag="776">
		<subfield code="i">Print version:</subfield>
		<subfield code="a">Samāwī, Aḥmad al-Shaykh ʻAbd al-Ḥamīd.</subfield>
		<subfield code="t">Maʻa Īliyā Abī Māḍī fī Ṭalāsimih</subfield>
		<subfield code="w">(NNU)001680852</subfield>
		<subfield code="w">(DLC)   71244530</subfield>
	</datafield>
	<datafield ind1="4" ind2="0" tag="856">
		<subfield code="u">http://hdl.handle.net/2333.1/mgqnkc4j</subfield>
	</datafield>
	<datafield ind1="1" ind2=" " tag="880">
		<subfield code="6">100-01/</subfield>
		<subfield code="a">سماوي، أحمد الشيخ عبد الحميد.</subfield>
	</datafield>
	<datafield ind1="1" ind2="0" tag="880">
		<subfield code="6">245-02/</subfield>
		<subfield code="a">مع إيليا أبي ماضي في طلاسمه :</subfield>
		<subfield code="b">وهو شرح لمنظومة عبد الحميد السماوي التي رد بها على طلاسم إيليا أبو ماضي /</subfield>
		<subfield code="c">أحمد الشيخ عبد الحميد السماوي.</subfield>
	</datafield>
	<datafield ind1=" " ind2=" " tag="880">
		<subfield code="6">260-03/</subfield>
		<subfield code="a">نجف :</subfield>
		<subfield code="b">مطبعة النعمان،</subfield>
		<subfield code="c">١٩٦٧.</subfield>
	</datafield>
	<datafield ind1="1" ind2="4" tag="880">
		<subfield code="6">600-04/</subfield>
		<subfield code="a">أبو ماضي، إيليا.</subfield>
		<subfield code="t">طلاسم.</subfield>
	</datafield>
	<datafield ind1="1" ind2="4" tag="880">
		<subfield code="6">600-05/</subfield>
		<subfield code="a">سماوي، عبد الحميد.</subfield>
		<subfield code="t">فوق أثباج الطبيعة.</subfield>
	</datafield>
	<datafield ind1="1" ind2="2" tag="880">
		<subfield code="6">700-06/</subfield>
		<subfield code="a">سماوي، عبد الحميد.</subfield>
		<subfield code="t">فوق أثباج الطبيعة.</subfield>
	</datafield>
	<datafield ind1=" " ind2=" " tag="959">
		<subfield code="a">NNU</subfield>
		<subfield code="b">WEB</subfield>
		<subfield code="c">GENI</subfield>
		<subfield code="t">0</subfield>
		<subfield code="m">Electronic access</subfield>
		<subfield code="s">01</subfield>
	</datafield>
	<datafield ind1=" " ind2=" " tag="999">
		<subfield code="i">NNU_001680852</subfield>
		<subfield code="s">nyu_aco000386</subfield>
	</datafield>
</record>
